<record><leader>00000cas a22000007a 4500</leader><controlfield tag="001">21894960</controlfield><controlfield tag="008">900621d19uu1936mouwr ne      0    0eng d</controlfield><datafield ind1=" " ind2=" " tag="010"><subfield code="a">sn 90061957 </subfield></datafield><datafield ind1=" " ind2=" " tag="040"><subfield code="a">MQN</subfield><subfield code="b">eng</subfield><subfield code="c">MQN</subfield><subfield code="d">OCLCQ</subfield></datafield><datafield ind1=" " ind2=" " tag="042"><subfield code="a">msc</subfield></datafield><datafield ind1="0" ind2="0" tag="245"><subfield code="a">West Florissant news.</subfield></datafield><datafield ind1=" " ind2=" " tag="260"><subfield code="a">North St. Louis, Mo. :</subfield><subfield code="b">H.E. Huneke</subfield></datafield><datafield ind1=" " ind2=" " tag="300"><subfield code="a">v.</subfield></datafield><datafield ind1=" " ind2=" " tag="310"><subfield code="a">Weekly</subfield></datafield><datafield ind1="1" ind2=" " tag="362"><subfield code="a">Ceased in 1936?</subfield></datafield><datafield ind1=" " ind2=" " tag="588"><subfield code="a">Description based on: No. 7 (Feb. 4, 1931).</subfield></datafield><datafield ind1=" " ind2=" " tag="752"><subfield code="a">United States</subfield><subfield code="b">Missouri</subfield><subfield code="d">Saint Louis.</subfield></datafield><datafield ind1="0" ind2=" " tag="775"><subfield code="t">Community news (North St. Louis, Mo.)</subfield><subfield code="w">(DLC)sn 91061007</subfield></datafield><datafield ind1="0" ind2=" " tag="775"><subfield code="t">14th Street White Way news</subfield><subfield code="w">(DLC)sn 90061954</subfield></datafield><datafield ind1="0" ind2=" " tag="775"><subfield code="t">Newstead-Marcus news</subfield><subfield code="w">(DLC)sn 90061955</subfield></datafield><datafield ind1="0" ind2=" " tag="775"><subfield code="t">Natural Bridge news</subfield><subfield code="w">(DLC)sn 90061956</subfield></datafield><datafield ind1="0" ind2=" " tag="775"><subfield code="t">Baden news</subfield><subfield code="w">(DLC)sn 90061958</subfield></datafield><datafield ind1="0" ind2="4" tag="785"><subfield code="t">North St. Louis community news</subfield><subfield code="w">(DLC)sn 91061008</subfield></datafield></record>